<record><leader>00000cas a22000007i 4500</leader><controlfield tag="001">862979351</controlfield><controlfield tag="006">m     o  d        </controlfield><controlfield tag="007">cr |n|000|||||</controlfield><controlfield tag="008">760620d19181937mtuwr neo     0   a0eng  </controlfield><datafield ind1=" " ind2=" " tag="010"><subfield code="a">  2013271996</subfield></datafield><datafield ind1=" " ind2=" " tag="040"><subfield code="a">Nz</subfield><subfield code="b">eng</subfield><subfield code="e">rda</subfield><subfield code="c">Z5A</subfield><subfield code="d">DLC</subfield><subfield code="d">OCLCF</subfield></datafield><datafield ind1="0" ind2=" " tag="022"><subfield code="a">2332-9777</subfield><subfield code="2">1</subfield></datafield><datafield ind1="0" ind2=" " tag="029"><subfield code="a">NZ1</subfield><subfield code="b">15127621</subfield></datafield><datafield ind1=" " ind2=" " tag="042"><subfield code="a">msc</subfield><subfield code="a">nsdp</subfield></datafield><datafield ind1=" " ind2=" " tag="043"><subfield code="a">n-us-mt</subfield></datafield><datafield ind1="1" ind2="0" tag="050"><subfield code="a">ISSN RECORD</subfield></datafield><datafield ind1="0" ind2="0" tag="082"><subfield code="a">071</subfield><subfield code="2">23</subfield></datafield><datafield ind1="0" ind2=" " tag="130"><subfield code="a">Producers news (Plentywood, Mont. : Online)</subfield></datafield><datafield ind1=" " ind2="4" tag="222"><subfield code="a">The producers news</subfield><subfield code="b">(Plentywood, Mont. Online)</subfield></datafield><datafield ind1="1" ind2="4" tag="245"><subfield code="a">The producers news.</subfield></datafield><datafield ind1=" " ind2="1" tag="264"><subfield code="a">Plentywood, Sheridan County, Montana :</subfield><subfield code="b">Peoples Publishing Company,</subfield><subfield code="c">1918-</subfield></datafield><datafield ind1=" " ind2=" " tag="300"><subfield code="a">1 online resource</subfield></datafield><datafield ind1=" " ind2=" " tag="310"><subfield code="a">Weekly</subfield></datafield><datafield ind1=" " ind2=" " tag="336"><subfield code="a">text</subfield><subfield code="b">txt</subfield><subfield code="2">rdacontent</subfield></datafield><datafield ind1=" " ind2=" " tag="337"><subfield code="a">computer</subfield><subfield code="b">c</subfield><subfield code="2">rdamedia</subfield></datafield><datafield ind1=" " ind2=" " tag="338"><subfield code="a">online resource</subfield><subfield code="b">cr</subfield><subfield code="2">rdacarrier</subfield></datafield><datafield ind1="1" ind2=" " tag="362"><subfield code="a">Began April 19, 1918; ceased March 5, 1937.</subfield></datafield><datafield ind1=" " ind2=" " tag="500"><subfield code="a">Advocate of various radical agarian organizations.</subfield></datafield><datafield ind1=" " ind2=" " tag="500"><subfield code="a">Published as "county edition," Nov. 27, 1931-Feb. 23, 1934. "National edition" during this period was the official organ of the United Farmers League.</subfield></datafield><datafield ind1=" " ind2=" " tag="550"><subfield code="a">Official organ of: Farmers Holiday Association of Montana, Sept. 13, 1935-Mar. 5, 1937.</subfield></datafield><datafield ind1=" " ind2=" " tag="588"><subfield code="a">Description based on: Volume I, number 2 (April 26, 1918); title from masthead  (Chroniclingamerica.loc.gov, viewed January 23, 2014).</subfield></datafield><datafield ind1=" " ind2=" " tag="588"><subfield code="a">Latest issue consulted: Volume V, no. 38 (December 29, 1922) (Chroniclingamerica.loc.gov, viewed January 23, 2014).</subfield></datafield><datafield ind1=" " ind2="0" tag="651"><subfield code="a">Plentywood (Mont.)</subfield><subfield code="v">Newspapers.</subfield></datafield><datafield ind1=" " ind2="7" tag="655"><subfield code="a">Newspapers.</subfield><subfield code="2">fast</subfield><subfield code="0">(OCoLC)fst01423814</subfield></datafield><datafield ind1=" " ind2="7" tag="651"><subfield code="a">Montana</subfield><subfield code="z">Plentywood.</subfield><subfield code="2">fast</subfield><subfield code="0">(OCoLC)fst01232912</subfield></datafield><datafield ind1=" " ind2=" " tag="752"><subfield code="a">United States</subfield><subfield code="b">Montana</subfield><subfield code="c">Sheridan</subfield><subfield code="d">Plentywood.</subfield></datafield><datafield ind1="0" ind2=" " tag="775"><subfield code="t">Producers news (Plentywood, Mont. : National ed. : Online)</subfield></datafield><datafield ind1="0" ind2="8" tag="776"><subfield code="i">Originally issued in print:</subfield><subfield code="t">Producers news (Plentywood, Mont.)</subfield><subfield code="x">2332-9769</subfield><subfield code="w">(DLC)sn 85053305</subfield><subfield code="w">(OCoLC)2251783</subfield></datafield><datafield ind1="0" ind2="0" tag="780"><subfield code="t">Outlook promoter (Online)</subfield></datafield><datafield ind1="0" ind2="5" tag="780"><subfield code="t">Sheridan County news (Online)</subfield><subfield code="g">1919</subfield></datafield><datafield ind1="0" ind2="5" tag="780"><subfield code="t">Dooley sun (Online)</subfield><subfield code="g">June 4, 1920</subfield></datafield><datafield ind1="0" ind2="5" tag="780"><subfield code="t">Plentywood pioneer press (Online)</subfield><subfield code="g">Oct. 5, 1923</subfield></datafield><datafield ind1="0" ind2="5" tag="780"><subfield code="t">Sheridan County farmer (Online)</subfield><subfield code="g">Nov. 14, 1924</subfield></datafield><datafield ind1="0" ind2="5" tag="780"><subfield code="t">Antelope independent (Online)</subfield><subfield code="g">Nov. 14, 1924</subfield></datafield><datafield ind1="0" ind2="5" tag="780"><subfield code="t">Roosevelt County independent (Online)</subfield><subfield code="g">Dec. 12, 1924</subfield></datafield><datafield ind1="4" ind2="0" tag="856"><subfield code="u">http://www.loc.gov/chroniclingamerica/lccn/sn85053305/issues</subfield></datafield></record>